<?xml version="1.0" encoding="UTF-8"?><collection xmlns="http://www.loc.gov/MARC21/slim"><record><leader>00573nam--2200193-u-4500</leader><controlfield tag="001">000055023</controlfield><controlfield tag="002">20161230</controlfield><controlfield tag="005">20161230201051</controlfield><controlfield tag="008">121022s1000------------r-----000-0-eng-d</controlfield><datafield ind1=" " ind2=" " tag="020"><subfield code="a">9789738596290</subfield></datafield><datafield ind1=" " ind2=" " tag="040"><subfield code="a">IFIN-HH</subfield></datafield><datafield ind1=" " ind2=" " tag="080"><subfield code="a">004:02+002.6</subfield></datafield><datafield ind1="1" ind2=" " tag="100"><subfield code="a">Repanovici, Angela</subfield></datafield><datafield ind1="1" ind2="0" tag="245"><subfield code="a">Ghid de cultura informatiei</subfield><subfield code="b">Cuvant de intampinare de mircea regneala</subfield><subfield code="c">Angela repanovici</subfield></datafield><datafield ind1=" " ind2=" " tag="260"><subfield code="a">Bucuresti</subfield><subfield code="b">Asociatia Bibliotecarilor Din Romania</subfield><subfield code="c">2012</subfield></datafield><datafield ind1=" " ind2=" " tag="300"><subfield code="a">115P</subfield></datafield><datafield ind1=" " ind2=" " tag="490"><subfield code="a">Colectia Biblioteca</subfield><subfield code="v">Vol. 26</subfield></datafield><datafield ind1=" " ind2=" " tag="852"><subfield code="a">82349</subfield><subfield code="c">02</subfield></datafield><datafield ind1=" " ind2=" " tag="CAT"><subfield code="a">Sys</subfield><subfield code="c">20121022</subfield><subfield code="h">145049</subfield></datafield></record></collection>